@article{ref:wsn1,
  author = "I. F. Akylidiz, W. Su, Y. Sankarasubramaniam and E. Cayirci", 
  title = "A survey on sensor networks",
  journal = "IEEE Comm. Magazine",
  volume = "40",
  number = "8",
  pages = "102--114",
  year = "2002",
  month = "Aug.",
}
