%% This BibTeX bibliography file was created using BibDesk.
%% http://bibdesk.sourceforge.net/

%% Created for 王昊 at 2015-05-05 19:19:59 +0900 


%% Saved with string encoding Unicode (UTF-8) 



@inproceedings{wanghao,
	Author = {Hao Wang and Fujii, T.},
	Booktitle = {Proc.IEEE ICUFN2014},
	Date-Added = {2015-05-05 10:11:28 +0000},
	Date-Modified = {2015-05-05 10:13:48 +0000},
	Keywords = {cognitive radio;cooperative communication;mobile radio;multi-access systems;probability;radio spectrum management;signal detection;CR systems;PU behavior;SU;cognitive radio systems;database information;primary user;radio environment database;secondary user;sensor nodes;spectrum database;spectrum sensing method;spectrum utilization efficiency;transition detection method;transition detection precision;transmit status;weight coefficient;weighted cooperative sensing method;wireless systems;Databases;Equations;Mathematical model;Noise;Probability;Sensors;Simulation;Cognitive Radio;Spectrum Database;Transition detection;Weighted Cooperative Sensing},
	Title = {Transition detection with spectrum database using weighted cooperative sensing},
	Year = {2014}}

@inproceedings{ohue,
	Author = {Ohue,Y. and Inage, K. and Kitamura, M. and Fujii, T.},
	Booktitle = {SDR-WInnComm},
	Date-Added = {2015-05-05 10:07:19 +0000},
	Date-Modified = {2015-05-05 10:19:42 +0000},
	Month = {Mar},
	Title = {Weighted Cooperative Sensing based on Spectrum Database for Cognitive Vehicular Networks},
	Year = {2014}}

@article{ED,
	Author = {Yucek, T. and Arslan, H.},
	Date-Added = {2015-04-29 16:48:08 +0000},
	Date-Modified = {2015-04-29 16:50:39 +0000},
	Journal = {Communications Surveys Tutorials, IEEE},
	Keywords = {cognitive radio;radio access networks;sensors;spread spectrum communication;telecommunication traffic;cognitive radio applications;multidimensional spectrum sensing concept;network traffic;network utilization;opportunistic spectrum access concepts;primary user behavior;statistical modeling;Cognitive radio;Energy measurement;FCC;Frequency measurement;Predictive models;Radio spectrum management;Radiofrequency identification;Telecommunication traffic;Traffic control;Wireless sensor networks;Cognitive radio, spectrum sensing, dynamic spectrum access, multi-dimensional spectrum sensing, cooperative sensing, radio identification},
	Number = {1},
	Pages = {116-130},
	Title = {A survey of spectrum sensing algorithms for cognitive radio applications},
	Volume = {11},
	Year = {2009}}

@article{average_estimator,
	Author = {Hyoil Kim and Shin, K.G.},
	Date-Added = {2015-04-28 03:16:20 +0000},
	Date-Modified = {2015-04-28 03:20:16 +0000},
	Journal = {Mobile Computing, IEEE Transactions on},
	Keywords = {access protocols;channel allocation;channel estimation;cognitive radio;minimisation;time-varying channels;MAC-layer sensing;cognitive radio networks;delay minimization;dynamic spectrum allocation;environment-adaptive channel-usage pattern estimation;idle-channel discovery delay;licensed channels availability;optimal channel-sequencing technique;sensing-period adaptation;sensing-period optimization;spectrum availability;spectrum opportunities discovery;time-varying channel-parameters tracking;Emerging technologies;Mobile communication systems;Network management;Network monitoring;communication},
	Month = {May},
	Number = {5},
	Pages = {533-545},
	Title = {Efficient Discovery of Spectrum Opportunities with MAC-Layer Sensing in Cognitive Radio Networks},
	Volume = {7},
	Year = {2008}}

@inproceedings{DB2,
	Author = {Imam, Hasan Rajib and Inage, K. and Ohta, M. and Fujii, Takeo},
	Booktitle = {Mobile and Wireless Networking (iCOST), 2011 International Conference on Selected Topics in},
	Date-Added = {2015-04-27 06:57:24 +0000},
	Date-Modified = {2015-04-27 07:03:16 +0000},
	Keywords = {Rayleigh channels;cognitive radio;Rayleigh fading characteristics;cognitive radio;measurement based radio environment database;primary user;received signal power;spectrum sensing;Databases;Equations;Estimation;Interference;Mathematical model;Rayleigh channels;Cognitive Radio;Rayleigh fading;environmental database;probabilistic protection;propagation loss;radio environment map},
	Month = {Oct},
	Pages = {110-115},
	Title = {Measurement based radio environment database using spectrum sensing in cognitive radio},
	Year = {2011}}

@inproceedings{DB1,
	Author = {Fujii, T. and Inage, K. and Kitamura, M. and Altintas, O. and Kremo, H. and Tanaka, H.},
	Booktitle = {Vehicular Networking Conference (VNC), 2013 IEEE},
	Date-Added = {2015-04-27 06:56:02 +0000},
	Date-Modified = {2015-04-27 07:03:55 +0000},
	Keywords = {radio spectrum management;radiowave propagation;PU coverage area;TV white space spectrum database;United States Federal Communications Commission;advanced spectrum database;primary users;propagation loss;propagation model;radio environment;radio signal measurements;spectrum availability;Databases;FCC;Interference;Propagation losses;Sensors;TV;Vehicles},
	Month = {Dec},
	Pages = {226-229},
	Title = {Short paper: Probing the spectrum with vehicles: Towards an advanced spectrum database},
	Year = {2013}}

@inproceedings{PU_notransition2,
	Author = {Yiyang Pei and Ying-Chang Liang and Teh, K.C. and Kwok Hung Li},
	Booktitle = {Personal, Indoor and Mobile Radio Communications, 2009 IEEE 20th International Symposium on},
	Date-Added = {2015-04-27 06:44:11 +0000},
	Date-Modified = {2015-04-27 06:46:59 +0000},
	Keywords = {cognitive radio;radio spectrum management;wireless channels;cognitive radio networks;ergodic throughput;multiple-channel scenario;optimal sensing time;optimal spectrum sensing;power allocation schemes;power constraint;quality of service;sensing-throughput tradeoff problem;Aggregates;Chromium;Cognitive radio;Detectors;FCC;Narrowband;Quality of service;Radio transmitters;Signal design;Throughput},
	Month = {Sept},
	Pages = {1257-1261},
	Title = {Sensing-throughput tradeoff for cognitive radio networks: A multiple-channel scenario},
	Year = {2009}}

@inproceedings{PU_notransition1,
	Author = {Guoqing Zhou and Jingxian Wu and Sohraby, K.},
	Booktitle = {Global Telecommunications Conference (GLOBECOM 2011), 2011 IEEE},
	Date-Added = {2015-04-27 06:41:34 +0000},
	Date-Modified = {2015-04-27 06:44:09 +0000},
	Keywords = {Markov processes;cognitive radio;cooperative communication;maximum likelihood estimation;multiuser detection;sensor fusion;Markov chain;a priori probability;cognitive radio network;cooperative spectrum sensing;data fusion rule;fusion center;multiple secondary user;progressive MAP detection algorithm;progressive maximum a posteriori algorithm;Cognitive radio;Detectors;Error probability;Markov processes;Signal to noise ratio},
	Month = {Dec},
	Pages = {1-5},
	Title = {Cooperative Spectrum Sensing with a Progressive MAP Detection Algorithm},
	Year = {2011}}

@article{CTMC,
	Author = {Geirhofer, S. and Lang Tong and Sadler, B.M.},
	Date-Added = {2015-04-27 03:29:46 +0000},
	Date-Modified = {2015-04-27 03:32:28 +0000},
	Journal = {Communications Magazine, IEEE},
	Keywords = {Bluetooth;multi-access systems;radio spectrum management;statistics;wireless LAN;wireless channels;Bluetooth;WLAN;dynamic spectrum access;multi-access communication channels;statistical model;white space;wireless communications;Bluetooth;Laboratories;Multiaccess communication;Predictive models;Sensor systems;Statistical analysis;Testing;Traffic control;White spaces;Wireless LAN},
	Month = {May},
	Number = {5},
	Pages = {66-72},
	Title = {COGNITIVE RADIOS FOR DYNAMIC SPECTRUM ACCESS - Dynamic Spectrum Access in the Time Domain: Modeling and Exploiting White Space},
	Volume = {45},
	Year = {2007}}
